@book{ref1,
   author = "Guy Debord \& Alice Becker-Ho", 
   title = "Le jeu de la guerre : Relev√© des positions successives de toutes les forces au cours d'une partie.", 
   year = "2006",
   publisher = "Edition Gallimard" 
} 

@book{ref2,
    author = "Ian Millington et John Funge",
    title = "Artificial Intelligence for Games",
    year = "2009",
    publisher = "Morgan Kaufmann/Elsevier"
}

@article{ref3,
   author = "RSG : collective of programmers", 
   title = "Kriegspiel",
   note = {\url{http://r-s-g.org/kriegspiel/rules.php}}
}

@article{ref4,
   author = "Marvin Lee Minsky", 
   title = "Heuristic Aspects of the Artificial Intelligence Problem", 
   year = "1956"
}

@article{ref5,
   author = "Fabien Torre", 
   title = "L'Intelligence Artificielle et les Jeux", 
   note = {\url{http://www.grappa.univ-lille3.fr/~torre/Enseignement/Cours/Intelligence-Artificielle/jeux.php}}
}

@article{ref6,
   author = "jboss.org", 
   title = "Jboss Documentation", 
   note = {\url{http://docs.jboss.org/drools/release/5.2.0.Final/drools-expert-docs/html/ch09.html}}
}

@article{ref7,
   author = "Baptiste Wicht", 
   title = "Tutoriels Swing", 
   year = "2009",
   note = {\url{http://baptiste-wicht.developpez.com/tutoriels/swing}}
}
